<?xml version="1.0" encoding="UTF-8"?>
<record xmlns="http://www.loc.gov/MARC21/slim" xmlns:xsi="http://www.w3.org/2001/XMLSchema-instance" xsi:schemaLocation="http://www.loc.gov/MARC21/slim http://www.loc.gov/standards/marcxml/schema/MARC21slim.xsd">
<leader>00000cam a22      a 4500</leader>
<controlfield tag="001">001679690</controlfield>
<controlfield tag="003">NNU</controlfield>
<controlfield tag="005">20160119155118.0</controlfield>
<controlfield tag="008">820714s1965    iq abe   b    000 0bara</controlfield>
<datafield tag="010" ind1=" " ind2=" ">
<subfield code="a">ne 67001640</subfield>
</datafield>
<datafield tag="035" ind1=" " ind2=" ">
<subfield code="a">(OCoLC)8598710</subfield>
</datafield>
<datafield tag="040" ind1=" " ind2=" ">
<subfield code="a">DLC</subfield>
<subfield code="b">eng</subfield>
<subfield code="c">TKN</subfield>
<subfield code="d">DLC</subfield>
<subfield code="d">CGU</subfield>
<subfield code="d">CLU</subfield>
<subfield code="d">IUL</subfield>
<subfield code="d">EUM</subfield>
<subfield code="d">OCLCQ</subfield>
</datafield>
<datafield tag="042" ind1=" " ind2=" ">
<subfield code="a">premarc</subfield>
</datafield>
<datafield tag="050" ind1="0" ind2="0">
<subfield code="a">LB125.S5</subfield>
<subfield code="b">M3</subfield>
</datafield>
<datafield tag="100" ind1="1" ind2=" ">
<subfield code="6">880-01</subfield>
<subfield code="a">Maʻrūf, Nājī.</subfield>
</datafield>
<datafield tag="245" ind1="1" ind2="3">
<subfield code="6">880-02</subfield>
<subfield code="a">al-Madāris al-Sharābīyah bi-Baghdād wa-Wāsiṭ wa-Makkah /</subfield>
<subfield code="c">taʼlīf Nājī Maʻrūf.</subfield>
</datafield>
<datafield tag="246" ind1="1" ind2="4">
<subfield code="a">Sharabīya colleges in Baghdād, Wasit and Mecca</subfield>
</datafield>
<datafield tag="250" ind1=" " ind2=" ">
<subfield code="6">880-03</subfield>
<subfield code="a">al-Ṭabʻah 1.</subfield>
</datafield>
<datafield tag="260" ind1=" " ind2=" ">
<subfield code="6">880-04</subfield>
<subfield code="a">Baghdād :</subfield>
<subfield code="b">Maṭbaʻat al-Irshād,</subfield>
<subfield code="c">1965.</subfield>
</datafield>
<datafield tag="300" ind1=" " ind2=" ">
<subfield code="a">407 pages :</subfield>
<subfield code="b">illustrations, maps (1 folded) plans ;</subfield>
<subfield code="c">24 cm</subfield>
</datafield>
<datafield tag="336" ind1=" " ind2=" ">
<subfield code="a">text</subfield>
<subfield code="b">txt</subfield>
<subfield code="2">rdacontent</subfield>
</datafield>
<datafield tag="337" ind1=" " ind2=" ">
<subfield code="a">unmediated</subfield>
<subfield code="b">n</subfield>
<subfield code="2">rdamedia</subfield>
</datafield>
<datafield tag="338" ind1=" " ind2=" ">
<subfield code="a">volume</subfield>
<subfield code="b">nc</subfield>
<subfield code="2">rdacarrier</subfield>
</datafield>
<datafield tag="504" ind1=" " ind2=" ">
<subfield code="a">Includes bibliographical references (pages 391-396).</subfield>
</datafield>
<datafield tag="530" ind1=" " ind2=" ">
<subfield code="a">Also issued online.</subfield>
</datafield>
<datafield tag="600" ind1="1" ind2="0">
<subfield code="6">880-05</subfield>
<subfield code="a">Sharābī, Iqbāl,</subfield>
<subfield code="d">-1255.</subfield>
</datafield>
<datafield tag="650" ind1=" " ind2="0">
<subfield code="a">Islamic education.</subfield>
</datafield>
<datafield tag="600" ind1="1" ind2="4">
<subfield code="a">Sharabi, Iqbal,</subfield>
<subfield code="d">-1255.</subfield>
</datafield>
<datafield tag="776" ind1="0" ind2="8">
<subfield code="i">Online version:</subfield>
<subfield code="a">Maʻrūf, Nājī.</subfield>
<subfield code="t">Madāris al-Sharābīyah bi-Baghdād wa-Wasīṭ wa-Makkah.</subfield>
<subfield code="b">[al-Ṭabʻah 1].</subfield>
<subfield code="d">Baghdād, Maṭbaʻat al-Irshād [1965]</subfield>
<subfield code="w">(OCoLC)578485818</subfield>
</datafield>
<datafield tag="880" ind1="1" ind2=" ">
<subfield code="6">100-01/</subfield>
<subfield code="a">معروف، ناجي.</subfield>
</datafield>
<datafield tag="880" ind1="1" ind2="2">
<subfield code="6">245-02/</subfield>
<subfield code="a">المدارس الشرابية ببغداد وواسط ومكة /</subfield>
<subfield code="c">تأليف ناجي معروف.</subfield>
</datafield>
<datafield tag="880" ind1=" " ind2=" ">
<subfield code="6">250-03/</subfield>
<subfield code="a">الطبعة 1.</subfield>
</datafield>
<datafield tag="880" ind1=" " ind2=" ">
<subfield code="6">260-04/</subfield>
<subfield code="a">بغداد :</subfield>
<subfield code="b">مطبعة الإرشاد،</subfield>
<subfield code="c">1965.</subfield>
</datafield>
<datafield tag="880" ind1="1" ind2="4">
<subfield code="6">600-05/</subfield>
<subfield code="a">شرابي، اقبال،</subfield>
<subfield code="d">-1255.</subfield>
</datafield>
<datafield tag="OWN" ind1=" " ind2=" ">
<subfield code="a">GENERAL</subfield>
</datafield>
<datafield tag="AVA" ind1=" " ind2=" ">
<subfield code="a">NYU50</subfield>
<subfield code="b">BOBST</subfield>
<subfield code="c">Main Collection</subfield>
<subfield code="d">LB125.S5 M3</subfield>
<subfield code="e">unavailable</subfield>
<subfield code="t">Unavailable</subfield>
<subfield code="f">1</subfield>
<subfield code="g">1</subfield>
<subfield code="h">N</subfield>
<subfield code="i">0</subfield>
<subfield code="j">MAIN</subfield>
<subfield code="k">0</subfield>
</datafield>
</record>
